 @misc{lead_acid ,
    title    = "How does the Lead Acid Battery Work?",
    author   = "Battery University",
    url      = "https://batteryuniversity.com/learn/article/lead_based_batteries",
    date     = "30/05/2019"
}

 @misc{sulfation ,
    author   = "Battery University",
    title    = "Sulfation and How to Prevent it",
    url      = "https://batteryuniversity.com/learn/article/sulfation_and_how_to_prevent_it",
    date     = "22/09/2016"
}
